% Encoding: UTF-8
@misc{0adcomponents,
   author = "0A.D.",
   title = "Entity component documentation",
   year = "2011",
   url = "{http://svn.wildfiregames.com/entity-docs/#component.VisualActor}",
   note = "[Online; accessed 08-November-2011]"
}

@misc{0adeditor,
   author = "0A.D.",
   title = "Atlas (Scenario Editor) Manual",
   year = "2011",
   url = "{http://trac.wildfiregames.com/wiki/Atlas_Manual}",
   note = "[Online; accessed 08-November-2011]"
}

@misc{wesnothaddunit,
    author = "Wesnoth Community",
    title = "EditingWesnoth",
    year= "2011",
    note = "[Online, accessed 08-December-2011]"
}

BibTeX | EndNote | ACM Ref
@article{Mcconnell:1996:DBS:624614.625626,
 author = {Mcconnell, Steve},
 title = {Daily Build and Smoke Test},
 journal = {IEEE Softw.},
 volume = {13},
 issue = {4},
 month = {July},
 year = {1996},
 issn = {0740-7459},
 pages = {144--},
 url = {http://dl.acm.org/citation.cfm?id=624614.625626},
 acmid = {625626},
 publisher = {IEEE Computer Society Press},
 address = {Los Alamitos, CA, USA},
}
